@webpage{github,
	Author = {Skjefstad, Joakim},
	Title = {Github},
	Url = {www.google.com},
	Year = {2015}}

@phdthesis{sklet05,
	Author = {Sklet, Snorre},
	School = {Norwegian University of Science and Technology},
	Title = {Safety Barriers on Oil and Gas Platforms},
	Year = {2005}}

@unpublished{boyers13,
	Author = {Boyers, O. H.},
	School = {Rhodes University},
	Title = {An Evaluation Of Detection and Recognition Algorithms To Implement Autonomous Target Tracking With A Quadrotor},
	Year = {2013}}

@book{rausand14,
	Address = {Hoboken, NJ},
	Author = {Rausand, Marvin},
	Publisher = {Wiley},
	Title = {Reliability of Safety-Critical Systems: Theory and Applications},
	Year = {2014}}

@webpage{kirillov10,
	Author = {Kirillov, Andrew},
	Title = {Glyphs Recognition},
	Url = {http://www.aforgenet.com/articles/glyph_recognition/},
	urldate = {2015-11-16},
	Year = {2010}}

@webpage{axis15,
	Author = {Axis Communications},
	Title = {Latency in live network video surveillance},
	Url = {http://www.axis.com/files/whitepaper/wp_latency_live_netvid_63380_external_en_1504_lo.pdf},
	urldate = {2015-11-16},
	Year = {2015}}



@masterthesis{svensson13,
	Author = {Linus Svensson and Petter SÃ¶derlund},
	School = {Lund University},
	Title = {Delays in Axis IP Surveillance Cameras},
	Year = {2013}}

@article{dadashi12,
	Author = {N. Dadashi and A. W. Stedmon and T. P. Pridemore},
	School = {University of Notthingham},
	Title = {Semi-automated CCTV surveillance: The effects of system
confidence, system accuracy and task complexity on operator
vigilance, reliance and workload},
	Year = {2012}}

@proceedings{javed03,
	Author = {Omar Javed and Zeeshan Rasheed and Khurram Shafique and Mubarak Shah},
	School = {University of Central Florida},
	Title = {Tracking Across Multiple Cameras With Disjoint Views},
	Year = {2003}}